<?xml version="1.0" encoding="utf-8"?>
<record xmlns="http://www.loc.gov/MARC21/slim" xmlns:xsi="http://www.w3.org/2001/XMLSchema-instance" xsi:schemaLocation="http://www.loc.gov/MARC21/slim http://www.loc.gov/standards/marcxml/schema/MARC21slim.xsd">
	<leader>     nam a22     Mi 4500</leader>
	<controlfield tag="001">b12668278</controlfield>
	<controlfield tag="003">LeBAU</controlfield>
	<controlfield tag="006">m        d        </controlfield>
	<controlfield tag="007">cr cn |||m|||a</controlfield>
	<controlfield tag="008">181009m19451959le afh  ob    ||1 0 ara d</controlfield>
	<datafield ind1=" " ind2=" " tag="040">
		<subfield code="a">ZYU</subfield>
		<subfield code="b">ara</subfield>
		<subfield code="e">rda</subfield>
		<subfield code="c">ZYU</subfield>
	</datafield>
	<datafield ind1=" " ind2="4" tag="050">
		<subfield code="a">CT203.A73</subfield>
		<subfield code="b">G43 1945</subfield>
	</datafield>
	<datafield ind1="0" ind2="4" tag="082">
		<subfield code="a">920.02</subfield>
		<subfield code="2">22</subfield>
	</datafield>
	<datafield ind1="1" ind2=" " tag="100">
		<subfield code="6">880-01</subfield>
		<subfield code="a">Ghazzī, Najm al-Dīn Muḥammad ibn Muḥammad,</subfield>
		<subfield code="d">1570-1651,</subfield>
		<subfield code="e">author.</subfield>
	</datafield>
	<datafield ind1="1" ind2="3" tag="245">
		<subfield code="6">880-02</subfield>
		<subfield code="a">al-Kawakib al-sāʼirah bi-aʻyān al-miʼah al-ʻāshirah /</subfield>
		<subfield code="c">lil-Shaykh Najm al-Dīn al-Ghazzī ; ḥaqqaqahu wa-ḍabaṭa naṣṣahu al-Duktūr Jibrāʼīl Sulaymān Jabbūr, aḥad asātidhat al-dā’irah al-‘Arabīyah fī Jāmi‘at Bayrūt al-Amīrikīyah.</subfield>
	</datafield>
	<datafield ind1="1" ind2="5" tag="246">
		<subfield code="a">AL-KAWAKIB AL-SĀ’IRAH BI-A‘YĀN AL-MI’AH AL-‘ĀSHIRAH :</subfield>
		<subfield code="b">A biographical dictionary of notable men and women in the Moslem world in the sixteenth Christian century</subfield>
	</datafield>
	<datafield ind1=" " ind2="1" tag="264">
		<subfield code="6">880-03</subfield>
		<subfield code="a">Bayrūt :</subfield>
		<subfield code="b">Jāmi‘at Bayrūt al-Amīrikīyah, Manshūrāt Kullīyat al-‘Ulūm wa-al-Ādāb,</subfield>
		<subfield code="c">1945-1959.</subfield>
	</datafield>
	<datafield ind1=" " ind2=" " tag="300">
		<subfield code="6">880-04</subfield>
		<subfield code="a">online resource (3 volumes) :</subfield>
		<subfield code="b">illustrations, facsimile</subfield>
	</datafield>
	<datafield ind1=" " ind2=" " tag="336">
		<subfield code="a">text</subfield>
		<subfield code="2">rdacontent</subfield>
	</datafield>
	<datafield ind1=" " ind2=" " tag="337">
		<subfield code="a">computer</subfield>
		<subfield code="2">rdamedia</subfield>
	</datafield>
	<datafield ind1=" " ind2=" " tag="338">
		<subfield code="a">online resource</subfield>
		<subfield code="2">rdacarrier</subfield>
	</datafield>
	<datafield ind1="1" ind2=" " tag="490">
		<subfield code="6">880-05</subfield>
		<subfield code="a">Manshūrāt Kullīyat al-‘Ulūm wa-al-Ādāb. Silsilat al-‘ulūm al-sharqīyah ;</subfield>
		<subfield code="v">al-ḥalaqah al-thāminah ‘asharah, al-ḥalaqah al-‘ushrūn, al-ḥalaqah al-tāsi‘ah wa-al-‘ushrūn</subfield>
	</datafield>
	<datafield ind1=" " ind2=" " tag="500">
		<subfield code="a">Part of the Arabic Collections Online (ACO) project, contributed by American University of Beirut's Jafet Memorial Library.</subfield>
	</datafield>
	<datafield ind1=" " ind2=" " tag="533">
		<subfield code="a">Electronic reproduction.</subfield>
		<subfield code="b">New York, N.Y. :</subfield>
		<subfield code="c">New York University,</subfield>
		<subfield code="d">2018.</subfield>
		<subfield code="5">NNU</subfield>
	</datafield>
	<datafield ind1=" " ind2="0" tag="650">
		<subfield code="6">880-06</subfield>
		<subfield code="a">Muslims</subfield>
		<subfield code="v">Biography</subfield>
		<subfield code="v">Early works to 1800.</subfield>
	</datafield>
	<datafield ind1=" " ind2="0" tag="650">
		<subfield code="6">880-07</subfield>
		<subfield code="a">Islam</subfield>
		<subfield code="v">Biography</subfield>
		<subfield code="v">Early works to 1800.</subfield>
	</datafield>
	<datafield ind1=" " ind2="0" tag="651">
		<subfield code="6">880-08</subfield>
		<subfield code="a">Islamic Empire</subfield>
		<subfield code="v">Biography</subfield>
		<subfield code="v">Early works to 1800.</subfield>
	</datafield>
	<datafield ind1="1" ind2=" " tag="700">
		<subfield code="6">880-09</subfield>
		<subfield code="a">Jabbūr, Jibrā’īl Sulaymān,</subfield>
		<subfield code="e">compiler.</subfield>
	</datafield>
	<datafield ind1="2" ind2=" " tag="710">
		<subfield code="a">Jafet Memorial Library.</subfield>
	</datafield>
	<datafield ind1="0" ind2=" " tag="730">
		<subfield code="a">Arabic Collections Online.</subfield>
	</datafield>
	<datafield ind1="0" ind2=" " tag="762">
		<subfield code="6">880-10</subfield>
		<subfield code="a">Silsilat al-‘ulūm al-sharqīyah</subfield>
	</datafield>
	<datafield ind1="0" ind2="8" tag="776">
		<subfield code="i">Print version:</subfield>
		<subfield code="a">Ghazzī, Najm al-Dīn Muḥammad ibn Muḥammad, 1570-1651, author.</subfield>
		<subfield code="t">al-Kawakib al-sāʼirah bi-aʻyān al-miʼah al-ʻāshirah</subfield>
		<subfield code="w">(LeBAU)b12668278</subfield>
	</datafield>
	<datafield ind1=" " ind2="0" tag="830">
		<subfield code="6">880-11</subfield>
		<subfield code="a">Publication of the Faculty of Arts and Sciences.</subfield>
		<subfield code="p">Oriental series ;</subfield>
		<subfield code="v">18, 20, 29.</subfield>
	</datafield>
	<datafield ind1="4" ind2="0" tag="856">
		<subfield code="u">http://hdl.handle.net/2333.1/sxksn6cr</subfield>
	</datafield>
	<datafield ind1="1" ind2=" " tag="880">
		<subfield code="6">100-01</subfield>
		<subfield code="a">الغزي، نجم الدين محمد بن محمد،</subfield>
		<subfield code="d">1570-1651،</subfield>
		<subfield code="e">مؤلف.</subfield>
		<subfield code="4">aut.</subfield>
	</datafield>
	<datafield ind1="1" ind2="2" tag="880">
		<subfield code="6">245-02</subfield>
		<subfield code="a">الكواكب السائرة بأعيان المئة العاشرة /</subfield>
		<subfield code="c">للشيخ نجم الدين الغزي ؛ حققه وضبط نصه الدكتور جبرائيل سليمان جبور، أحد أساتذة الدائرة العربية في جامعة بيروت الأميركية</subfield>
	</datafield>
	<datafield ind1=" " ind2="1" tag="880">
		<subfield code="6">264-03</subfield>
		<subfield code="a">بيروت :</subfield>
		<subfield code="b">جامعة بيروت الأميركية، منشورات كلية العلوم والآداب،</subfield>
		<subfield code="c">1945-1959.</subfield>
	</datafield>
	<datafield ind1=" " ind2=" " tag="880">
		<subfield code="6">300-04</subfield>
		<subfield code="a">3 أجزاء :</subfield>
		<subfield code="b">مصورات، صورة طبق الأصل ؛</subfield>
		<subfield code="c">24 سم.</subfield>
	</datafield>
	<datafield ind1="1" ind2=" " tag="880">
		<subfield code="6">490-05</subfield>
		<subfield code="a">منشورات كلية العلوم والآداب. سلسلة العلوم الشرقية ؛</subfield>
		<subfield code="v">الحلقة الثامنة عشرة، الحلقة العشرون، الحلقة التاسعة والعشرون</subfield>
	</datafield>
	<datafield ind1=" " ind2=" " tag="880">
		<subfield code="6">500-00</subfield>
		<subfield code="a">منشورات أساتذة الجامعة الاميركية في بيروت.</subfield>
	</datafield>
	<datafield ind1=" " ind2=" " tag="880">
		<subfield code="6">500-00</subfield>
		<subfield code="a">الجزء الأول طبع في المطبعة الأميركانية، بيروت، 1945؛ الجزء الثاني طبع في مطبعة المرسلين اللبنانيين، جونية، سنة 1949؛ الجزء الثالث طبع في المطبعة البولسية، حريصا، سنة 1959.</subfield>
	</datafield>
	<datafield ind1=" " ind2=" " tag="880">
		<subfield code="6">501-00</subfield>
		<subfield code="a">نسخة مكتبة يافث الثالثة تتضمن الأجزاء 1-2 في مجلد واحد.</subfield>
	</datafield>
	<datafield ind1=" " ind2=" " tag="880">
		<subfield code="6">504-00</subfield>
		<subfield code="a">يتضمن مراجع ببليوغرافية وكشافات.</subfield>
	</datafield>
	<datafield ind1=" " ind2=" " tag="880">
		<subfield code="6">588-00</subfield>
		<subfield code="a">الوصف يستند إلى الجزء الأول.</subfield>
	</datafield>
	<datafield ind1=" " ind2="4" tag="880">
		<subfield code="6">650-06</subfield>
		<subfield code="a">المسلمون</subfield>
		<subfield code="v">تراجم</subfield>
		<subfield code="v">اعمال قديمة حتى 1800.</subfield>
	</datafield>
	<datafield ind1=" " ind2="4" tag="880">
		<subfield code="6">650-07</subfield>
		<subfield code="a">الاسلام</subfield>
		<subfield code="v">تراجم</subfield>
		<subfield code="v">اعمال قديمة حتى 1800.</subfield>
	</datafield>
	<datafield ind1=" " ind2="4" tag="880">
		<subfield code="6">651-08</subfield>
		<subfield code="a">الامبراطورية الاسلامية</subfield>
		<subfield code="v">تراجم</subfield>
		<subfield code="v">اعمال قديمة حتى 1800.</subfield>
	</datafield>
	<datafield ind1="1" ind2=" " tag="880">
		<subfield code="6">700-09</subfield>
		<subfield code="a">جبور، جبرائيل سليمان،</subfield>
		<subfield code="e">معد.</subfield>
		<subfield code="4">com.</subfield>
	</datafield>
	<datafield ind1="0" ind2=" " tag="880">
		<subfield code="6">762-10</subfield>
		<subfield code="a">سلسلة العلوم الشرقية</subfield>
	</datafield>
	<datafield ind1=" " ind2="0" tag="880">
		<subfield code="6">830-11</subfield>
		<subfield code="a">منشورات كلية العلوم والآداب.</subfield>
		<subfield code="p">سلسلة العلوم الشرقية ؛</subfield>
		<subfield code="v">18، 20، 29.</subfield>
	</datafield>
	<datafield ind1=" " ind2=" " tag="959">
		<subfield code="a">NNU</subfield>
		<subfield code="b">WEB</subfield>
		<subfield code="c">GENI</subfield>
		<subfield code="t">0</subfield>
		<subfield code="m">Electronic access</subfield>
		<subfield code="s">01</subfield>
	</datafield>
	<datafield ind1=" " ind2=" " tag="999">
		<subfield code="i">LeBAU_b12668278</subfield>
		<subfield code="s">aub_aco002058:v.1</subfield>
		<subfield code="s">aub_aco002059:v.2</subfield>
		<subfield code="s">aub_aco002060:v.3</subfield>
		<subfield code="e">(ERROR-880)(ERROR-MISC)</subfield>
		<subfield code="s">aub_aco002058:v.1</subfield>
		<subfield code="s">aub_aco002059:v.2</subfield>
		<subfield code="s">aub_aco002060:v.3</subfield>
	</datafield>
</record>
